@article{obuchowski1997,
  title={Nonparametric analysis of clustered ROC curve data},
    author={Obuchowski, Nancy A},
      journal={Biometrics},
        pages={567--578},
	  year={1997},
	    publisher={JSTOR}
	    }



@article{michael2019,
  title={The ROC curve for regularly measured longitudinal biomarkers},
    author={Michael, Haben and Tian, Lu and Ghebremichael, Musie},
      journal={Biostatistics},
        volume={20},
	  number={3},
	    pages={433--451},
	      year={2019},
	        publisher={Oxford University Press}
		}



@book{lee2019,
  title={U-statistics: Theory and Practice},
    author={Lee, A J},
      year={2019},
        publisher={Routledge}
	}

@article{emir2000,
  title={Comparison of diagnostic markers with repeated measurements: a non-parametric ROC curve approach},
    author={Emir, Birol and Wieand, Sam and Jung, Sin-Ho and Ying, Zhiliang},
      journal={Statistics in Medicine},
        volume={19},
	  number={4},
	    pages={511--523},
	      year={2000},
	        publisher={Wiley Online Library}
		}





@article{wu2011,
  title={Optimal weight in estimating and comparing areas under the receiver operating characteristic curve using longitudinal data},
    author={Wu, Yougui and Wang, Xiaofei},
      journal={Biometrical journal},
        volume={53},
	  number={5},
	    pages={764--778},
	      year={2011},
	        publisher={Wiley Online Library}
		}


@article{dorfman1969,
  title={Maximum-likelihood estimation of parameters of signal-detection theory and determination of confidence intervals—rating-method data},
    author={Dorfman, Donald D and Alf Jr, Edward},
      journal={Journal of mathematical psychology},
        volume={6},
	  number={3},
	    pages={487--496},
	      year={1969},
	        publisher={Elsevier}
		}

@article{pearl2014,
  title={Comment: understanding Simpson’s paradox},
    author={Pearl, Judea},
      journal={The American Statistician},
        volume={68},
	  number={1},
	    pages={8--13},
	      year={2014},
	        publisher={Taylor \& Francis}
		}

@article{lindley1981,
  title={The role of exchangeability in inference},
    author={Lindley, Dennis V and Novick, Melvin R},
      journal={The annals of statistics},
        pages={45--58},
	  year={1981},
	    publisher={JSTOR}
	    }