@article{demler2017,
  title={Asymptotic distribution of $\Delta$AUC, NRIs, and IDI based on theory of U-statistics},
    author={Demler, Olga V and Pencina, Michael J and Cook, Nancy R and D'Agostino Sr, Ralph B},
      journal={Statistics in Medicine},
        volume={36},
	  number={21},
	    pages={3334--3360},
	      year={2017},
	        publisher={Wiley Online Library}
		}

@article{heller2017,
  title={Inference for the difference in the area under the ROC curve derived from nested binary regression models},
    author={Heller, Glenn and Seshan, Venkatraman E and Moskowitz, Chaya S and G{\"o}nen, Mithat},
      journal={Biostatistics},
        volume={18},
	  number={2},
	    pages={260--274},
	      year={2017},
	        publisher={Oxford University Press}
		}


@article{lee2021,
  title={Nested logistic regression models and $\Delta$AUC applications: Change-point analysis},
    author={Lee, Chun Yin},
      journal={Statistical Methods in Medical Research},
        volume={30},
	  number={7},
	    pages={1654--1666},
	      year={2021},
	        publisher={SAGE Publications Sage UK: London, England}
		}

@article{pepe2013,
  title={Testing for improvement in prediction model performance},
    author={Pepe, Margaret Sullivan and Kerr, Kathleen F and Longton, Gary and Wang, Zheyu},
      journal={Statistics in medicine},
        volume={32},
	  number={9},
	    pages={1467--1482},
	      year={2013},
	        publisher={Wiley Online Library}
		}


@article{delong1988,
  title={Comparing the areas under two or more correlated receiver operating characteristic curves: a nonparametric approach},
    author={DeLong, Elizabeth R and DeLong, David M and Clarke-Pearson, Daniel L},
      journal={Biometrics},
        pages={837--845},
	  year={1988},
	    publisher={JSTOR}
	    }





@article{mcintosh2002,
  title={Combining several screening tests: optimality of the risk score},
    author={McIntosh, Martin W and Pepe, Margaret Sullivan},
      journal={Biometrics},
        volume={58},
	  number={3},
	    pages={657--664},
	      year={2002},
	        publisher={Wiley Online Library}
		}

@article{demler2011,
  title={Equivalence of improvement in area under ROC curve and linear discriminant analysis coefficient under assumption of normality},
    author={Demler, Olga V and Pencina, Michael J and D'Agostino Sr, Ralph B},
      journal={Statistics in medicine},
        volume={30},
	  number={12},
	    pages={1410--1418},
	      year={2011},
	        publisher={Wiley Online Library}
		}

@book{pollard1984,
  title={Convergence of Stochastic Processes},
    author={Pollard, D},
      year={1984},
        publisher={David Pollard}
	}

@article{seshan2013,
  title={Comparing {ROC} curves derived from regression models},
    author={Seshan, Venkatraman E and G{\"o}nen, Mithat and Begg, Colin B},
      journal={Statistics in medicine},
        volume={32},
	  number={9},
	    pages={1483--1493},
	      year={2013},
	        publisher={Wiley Online Library}
		}

@article{tzoulaki2009,
  title={Assessment of claims of improved prediction beyond the Framingham risk score},
    author={Tzoulaki, Ioanna and Liberopoulos, George and Ioannidis, John PA},
      journal={JAMA},
        volume={302},
	  number={21},
	    pages={2345--2352},
	      year={2009},
		}